<record><leader>00000cas a2200000 a 4500</leader><controlfield tag="001">37271426</controlfield><controlfield tag="008">970710c19949999fluer ne      0    0eng c</controlfield><datafield ind1=" " ind2=" " tag="010"><subfield code="a">sn2001061803</subfield></datafield><datafield ind1=" " ind2=" " tag="040"><subfield code="a">FHM</subfield><subfield code="b">eng</subfield><subfield code="c">FHM</subfield><subfield code="d">OCL</subfield><subfield code="d">NYS</subfield><subfield code="d">OCLCQ</subfield><subfield code="d">OCLCF</subfield><subfield code="d">OCLCO</subfield></datafield><datafield ind1="1" ind2=" " tag="029"><subfield code="a">AU@</subfield><subfield code="b">000022280840</subfield></datafield><datafield ind1=" " ind2=" " tag="037"><subfield code="b">Watermark, PO Box 533655, Orlando, FL 32853-3655</subfield><subfield code="c">$35.00 (third class)</subfield><subfield code="c">$45.00 (first class)</subfield></datafield><datafield ind1=" " ind2=" " tag="042"><subfield code="a">pcc</subfield></datafield><datafield ind1=" " ind2=" " tag="043"><subfield code="a">n-us-fl</subfield></datafield><datafield ind1=" " ind2=" " tag="090"><subfield code="a">HQ76.8.F6</subfield><subfield code="b">W38</subfield></datafield><datafield ind1="0" ind2=" " tag="130"><subfield code="a">Watermark (Orlando, Fla.)</subfield></datafield><datafield ind1="1" ind2="0" tag="245"><subfield code="a">Watermark.</subfield></datafield><datafield ind1=" " ind2=" " tag="260"><subfield code="a">Orlando, FL :</subfield><subfield code="b">Watermark Media, Inc.</subfield></datafield><datafield ind1=" " ind2=" " tag="300"><subfield code="a">v. :</subfield><subfield code="b">ill. (some col.) ;</subfield><subfield code="c">44 cm.</subfield></datafield><datafield ind1=" " ind2=" " tag="310"><subfield code="a">Biweekly</subfield></datafield><datafield ind1="1" ind2=" " tag="362"><subfield code="a">Began in 1994?</subfield></datafield><datafield ind1=" " ind2=" " tag="500"><subfield code="a">"Florida's Distinctive Gay and Lesbian Publication."</subfield></datafield><datafield ind1=" " ind2=" " tag="500"><subfield code="a">Editor/publisher: Tom Dyer.</subfield></datafield><datafield ind1=" " ind2=" " tag="500"><subfield code="a">Vols. for &lt;July 1996-Oct. 2000&gt; include a separate entertainment section entitled: Water-front.</subfield></datafield><datafield ind1=" " ind2=" " tag="500"><subfield code="a">Published for: Daytona Beach, Orlando, Tampa, St. Petersburg, and Sarasota.</subfield></datafield><datafield ind1=" " ind2=" " tag="588"><subfield code="a">Description based on: Vol. 2, no. 20 (Oct. 18, 1995).</subfield></datafield><datafield ind1=" " ind2=" " tag="588"><subfield code="a">Latest issue consulted: Vol. 7, no. 20 (Sept. 28/Oct. 11, 2000).</subfield></datafield><datafield ind1=" " ind2="0" tag="650"><subfield code="a">Gays</subfield><subfield code="z">Florida</subfield><subfield code="v">Newspapers.</subfield></datafield><datafield ind1=" " ind2="0" tag="650"><subfield code="a">Lesbians</subfield><subfield code="z">Florida</subfield><subfield code="v">Newspapers.</subfield></datafield><datafield ind1=" " ind2="0" tag="651"><subfield code="a">Orlando (Fla.)</subfield><subfield code="v">Newspapers.</subfield></datafield><datafield ind1=" " ind2="0" tag="651"><subfield code="a">Orange County (Fla.)</subfield><subfield code="v">Newspapers.</subfield></datafield><datafield ind1=" " ind2="7" tag="655"><subfield code="a">Newspapers.</subfield><subfield code="2">fast</subfield><subfield code="0">(OCoLC)fst01423814</subfield></datafield><datafield ind1=" " ind2="7" tag="650"><subfield code="a">Gays.</subfield><subfield code="2">fast</subfield><subfield code="0">(OCoLC)fst00939255</subfield></datafield><datafield ind1=" " ind2="7" tag="650"><subfield code="a">Lesbians.</subfield><subfield code="2">fast</subfield><subfield code="0">(OCoLC)fst00996540</subfield></datafield><datafield ind1=" " ind2="7" tag="651"><subfield code="a">Florida.</subfield><subfield code="2">fast</subfield><subfield code="0">(OCoLC)fst01205150</subfield></datafield><datafield ind1=" " ind2="7" tag="651"><subfield code="a">Florida</subfield><subfield code="z">Orange County.</subfield><subfield code="2">fast</subfield><subfield code="0">(OCoLC)fst01211878</subfield></datafield><datafield ind1=" " ind2="7" tag="651"><subfield code="a">Florida</subfield><subfield code="z">Orlando.</subfield><subfield code="2">fast</subfield><subfield code="0">(OCoLC)fst01204036</subfield></datafield><datafield ind1="0" ind2=" " tag="740"><subfield code="a">Water-front.</subfield></datafield><datafield ind1=" " ind2=" " tag="752"><subfield code="a">United States</subfield><subfield code="b">Florida</subfield><subfield code="c">Orange</subfield><subfield code="d">Orlando.</subfield></datafield><datafield ind1="4" ind2="1" tag="856"><subfield code="u">http://www.watermarkonline.com</subfield></datafield></record>